<collection xmlns="http://www.loc.gov/MARC21/slim">
<record>
  <leader>01791nam0a2200337 i 450 </leader>
  <controlfield tag="001">IT\ICCU\CNCE\013925</controlfield>
  <controlfield tag="005">20170807000000.0</controlfield>
  <datafield tag="012" ind1=" " ind2=" ">
    <subfield code="a">usa- anm- a-ue adtu (C) 1512 (Q)</subfield>
    <subfield code="2">fei</subfield>
  </datafield>
  <datafield tag="100" ind1=" " ind2=" ">
    <subfield code="a">19970101f1512        0itac0103    ba</subfield>
  </datafield>
  <datafield tag="101" ind1=" " ind2=" ">
    <subfield code="a">LAT</subfield>
  </datafield>
  <datafield tag="102" ind1=" " ind2=" ">
    <subfield code="a">IT</subfield>
  </datafield>
  <datafield tag="200" ind1="1" ind2=" ">
    <subfield code="a">Bulla secunde sessionis sacro sancti Concilii Lateranensis approbans et renouans damnationem et reprobationem Pisani Conciliabuli, et annullans omnia et singula in illo gesta et gerenda, celebrate die XVII Maii MDXII</subfield>
  </datafield>
  <datafield tag="210" ind1=" " ind2=" ">
    <subfield code="d">\1512!</subfield>
  </datafield>
  <datafield tag="215" ind1=" " ind2=" ">
    <subfield code="a">\4! c.</subfield>
    <subfield code="d">4ʻ</subfield>
  </datafield>
  <datafield tag="300" ind1=" " ind2=" ">
    <subfield code="a">Data di emanazione: Roma, 17 maggio 1512. - Stampata a Roma da Marcello Silber; per il tipografo cfr.: A. Tinto, Gli annali tipografici di Eucario e Marcello Silber (1501-1527)</subfield>
  </datafield>
  <datafield tag="620" ind1=" " ind2=" ">
    <subfield code="a">IT</subfield>
    <subfield code="d">Roma</subfield>
  </datafield>
  <datafield tag="710" ind1="1" ind2="2">
    <subfield code="a">Concilio Lateranense</subfield>
    <subfield code="c"> &lt;5.</subfield>
    <subfield code="c"> ; 1512-1517&gt;</subfield>
    <subfield code="3">IT\ICCU\CNCA\003436</subfield>
  </datafield>
  <datafield tag="702" ind1=" " ind2="0">
    <subfield code="a">Iulius</subfield>
    <subfield code="c"> &lt;papa</subfield>
    <subfield code="c"> ; 2.&gt;</subfield>
    <subfield code="3">IT\ICCU\CNCA\003147</subfield>
  </datafield>
  <datafield tag="712" ind1="0" ind2="0">
    <subfield code="a">Silber, Marcello</subfield>
    <subfield code="3">IT\ICCU\CNCT\000107</subfield>
    <subfield code="4">650</subfield>
  </datafield>
  <datafield tag="790" ind1=" " ind2="1">
    <subfield code="a">Della_Rovere,</subfield>
    <subfield code="b">Giuliano</subfield>
    <subfield code="3">IT\ICCU\CNCA\014541</subfield>
    <subfield code="z">Iulius &lt;papa ; 2.&gt;</subfield>
  </datafield>
  <datafield tag="791" ind1="0" ind2="0">
    <subfield code="a">Franck, Marcellus</subfield>
    <subfield code="3">IT\ICCU\CNCT\002877</subfield>
    <subfield code="z">Silber, Marcello</subfield>
  </datafield>
  <datafield tag="791" ind1="0" ind2="0">
    <subfield code="a">Argenteus, Marcellus</subfield>
    <subfield code="3">IT\ICCU\CNCT\003186</subfield>
    <subfield code="z">Silber, Marcello</subfield>
  </datafield>
  <datafield tag="791" ind1="0" ind2="2">
    <subfield code="a">Magister Marcellus</subfield>
    <subfield code="3">IT\ICCU\CNCT\005664</subfield>
    <subfield code="z">Silber, Marcello</subfield>
  </datafield>
  <datafield tag="801" ind1=" " ind2="3">
    <subfield code="a">IT</subfield>
    <subfield code="b">ICCU</subfield>
    <subfield code="c">20201114</subfield>
  </datafield>
  <datafield tag="899" ind1=" " ind2=" ">
    <subfield code="a">Biblioteca civica A. Mai. Bergamo</subfield>
    <subfield code="1">BG0026</subfield>
    <subfield code="2">LO1 02</subfield>
  </datafield>
  <datafield tag="899" ind1=" " ind2=" ">
    <subfield code="a">Biblioteca Apostolica Vaticana. Citt ̉del Vaticano</subfield>
    <subfield code="1">EX0001</subfield>
    <subfield code="2">ZCV 01</subfield>
  </datafield>
  <datafield tag="899" ind1=" " ind2=" ">
    <subfield code="a">Biblioteca comunale Valentiniana. Camerino</subfield>
    <subfield code="1">MC0004</subfield>
    <subfield code="2">UMC BV</subfield>
  </datafield>
  <datafield tag="899" ind1=" " ind2=" ">
    <subfield code="a">Biblioteca universitaria. Padova</subfield>
    <subfield code="1">PD0158</subfield>
    <subfield code="2">PUV 00</subfield>
  </datafield>
  <datafield tag="899" ind1=" " ind2=" ">
    <subfield code="a">Biblioteca nazionale centrale. Roma</subfield>
    <subfield code="1">RM0267</subfield>
    <subfield code="2">BVE CR</subfield>
  </datafield>
  <datafield tag="899" ind1=" " ind2=" ">
    <subfield code="a">Biblioteca Angelica. Roma</subfield>
    <subfield code="1">RM0290</subfield>
    <subfield code="2">RML 06</subfield>
  </datafield>
  <datafield tag="899" ind1=" " ind2=" ">
    <subfield code="a">Biblioteca dell&apos;Archivio provinciale dei frati minori cappuccini. Mestre</subfield>
    <subfield code="1">VE0111</subfield>
    <subfield code="2">ZVE 16</subfield>
  </datafield>
</record>
</collection>
